<?xml version="1.0" encoding="UTF-8"?>
<marc:collection xmlns:xsi="http://www.w3.org/2001/XMLSchema-instance" xsi:schemaLocation="http://www.loc.gov/MARC21/slim http://www.loc.gov/standards/marcxml/schema/MARC21slim.xsd" xmlns:marc="http://www.loc.gov/MARC21/slim">
<marc:record><marc:datafield tag="920" ind1=" " ind2=" "><marc:subfield code="a">periodical</marc:subfield></marc:datafield><marc:leader>00000nas-a2200000z--4500</marc:leader><marc:controlfield tag="008">130127s----------------------000---kor-d</marc:controlfield><marc:controlfield tag="001">991042727010838</marc:controlfield><marc:controlfield tag="009">ejn01</marc:controlfield><marc:datafield tag="090" ind1=" " ind2=" "><marc:subfield code="a">991042727010838</marc:subfield></marc:datafield><marc:datafield tag="246" ind1=" " ind2=" "><marc:subfield code="a">TRANSACTIONS ON ELECTRICAL AND ELECTRONIC MATERIALS</marc:subfield></marc:datafield><marc:datafield tag="246" ind1=" " ind2=" "><marc:subfield code="a">TEEM</marc:subfield></marc:datafield><marc:datafield tag="245" ind1=" " ind2=" "><marc:subfield code="a">TEEM (한국전기전자재료학회)</marc:subfield></marc:datafield><marc:datafield tag="945" ind1=" " ind2=" "><marc:subfield code="m">TEEM (한국전기전자재료학회)</marc:subfield><marc:subfield code="s">TEEM  한 국 전 기 전 자 재 료 학 회</marc:subfield></marc:datafield><marc:datafield tag="260" ind1=" " ind2=" "><marc:subfield code="a">Seoul, Korea</marc:subfield><marc:subfield code="b">Korean Institute of Electrical and Electronic Material Engineers</marc:subfield></marc:datafield><marc:datafield tag="022" ind1=" " ind2=" "><marc:subfield code="a">1229-7607</marc:subfield></marc:datafield><marc:datafield tag="776" ind1=" " ind2=" "><marc:subfield code="x">2092-7592</marc:subfield></marc:datafield><marc:datafield tag="866" ind1=" " ind2=" "><marc:subfield code="a">Available from 2000. </marc:subfield><marc:subfield code="s">111061245432001</marc:subfield><marc:subfield code="t">111061245432000</marc:subfield><marc:subfield code="x">DOAJ Directory of Open Access Journals:Full Text</marc:subfield><marc:subfield code="z">2670000000686647</marc:subfield></marc:datafield><marc:datafield tag="650" ind1=" " ind2=" "><marc:subfield code="a">Engineering</marc:subfield><marc:subfield code="x">Electrical Engineering</marc:subfield></marc:datafield></marc:record>
</marc:collection>
